<?xml version="1.0" encoding="UTF-8"?><collection xmlns="http://www.loc.gov/MARC21/slim"><record><leader>00561nam--2200133-i-4500</leader><controlfield tag="001">000049339</controlfield><controlfield tag="002">20161230</controlfield><controlfield tag="005">20161230201047</controlfield><controlfield tag="008">060222s1000------------r-----000-0-eng-d</controlfield><datafield ind1=" " ind2=" " tag="080"><subfield code="a">015:621.318.4:621.319.4</subfield></datafield><datafield ind1=" " ind2=" " tag="100"><subfield code="a">Patachi, Nicolae</subfield></datafield><datafield ind1=" " ind2=" " tag="245"><subfield code="a">Masurarea parametrilor bobinelor si condensatoarelor, in regim nearmonic, printr-o metoda de rezonanta pe toate armonicile, cu aplicatii la masurarea unor parametri statici ai masinilor si transformatoarelor electrice. rezumatul tezei de doctorat</subfield></datafield><datafield ind1=" " ind2=" " tag="260"><subfield code="a">Timisoara, Inst.Politehnic, 1971, 58p</subfield></datafield><datafield ind1=" " ind2=" " tag="852"><subfield code="a">36779</subfield></datafield></record></collection>